@book{CLRS09,
    author = {Cormen, Thomas H. and Leiserson, Charles E. and Rivest, Ronald L. and Stein, Clifford},
    ckdateadded = {2019-10-14 16:42:00},
    edition = {3rd},
    isbn = {0262033844, 9780262033848},
    publisher = {The MIT Press},
    title = {{Introduction to Algorithms, Third Edition}},
    year = {2009}
}

@misc{Diag20,
    author = "{Wikipedia contributors}",
    title = "Diagonalizable matrix --- {Wikipedia}{,} The Free Encyclopedia",
    year = "2020",
    url = "https://en.wikipedia.org/w/index.php?title=Diagonalizable_matrix&oldid=990381893",
    note = "[Online; accessed 2-December-2020]"
}

@misc{FK20,
    author = {Dankrad Feist and Dmitry Khovratovich},
    ckdateadded = {2020-03-11 17:19:59},
    note = {\url{https://github.com/khovratovich/Kate}},
    title = {{Fast amortized Kate proofs}},
    year = {2020}
}

@article{GPS08,
    author = {Steven D. Galbraith and Kenneth G. Paterson and Nigel P. Smart},
    ckdateadded = {2019-10-31 11:53:20},
    doi = {https://doi.org/10.1016/j.dam.2007.12.010},
    issn = {0166-218X},
    journal = {Discrete Applied Mathematics},
    keywords = {Pairings, Cryptography},
    note = {Applications of Algebra to Cryptography},
    number = {16},
    pages = {3113 - 3121},
    title = {{Pairings for cryptographers}},
    url = {http://www.sciencedirect.com/science/article/pii/S0166218X08000449},
    volume = {156},
    year = {2008}
}

@inproceedings{GRWZ20,
    address = {New York, NY, USA},
    author = {Gorbunov, Sergey and Reyzin, Leonid and Wee, Hoeteck and Zhang, Zhenfei},
    booktitle = {Proceedings of the 2020 ACM SIGSAC Conference on Computer and Communications Security},
    ckdateadded = {2020-11-30 18:59:04},
    doi = {10.1145/3372297.3417244},
    isbn = {9781450370899},
    keywords = {smart contract, pairing based cryptography, vector commitment, pointproofs, blockchain},
    location = {Virtual Event, USA},
    numpages = {17},
    pages = {2007â€“2023},
    publisher = {Association for Computing Machinery},
    series = {CCS '20},
    title = {{Pointproofs: Aggregating Proofs for Multiple Vector Commitments}},
    url = {https://doi.org/10.1145/3372297.3417244},
    year = {2020}
}

@misc{LGG+20,
 author = {Derek Leung and Yossi Gilad and Sergey Gorbunov and Leonid Reyzin and Nickolai Zeldovich},
 ckdateadded = {2020-08-19 16:46:49},
 howpublished = {Cryptology ePrint Archive, Report 2020/975},
 note = {\url{https://eprint.iacr.org/2020/975}},
 title = {{Aardvark: A Concurrent Authenticated Dictionary with Short Proofs}},
 year = {2020}
}

@inproceedings{LY10,
    author = {Libert, Beno{\^i}t and Yung, Moti},
    booktitle = {TCC'10},
    ckdateadded = {2020-01-10 11:20:08},
    isbn = {978-3-642-11799-2},
    title = {{Concise Mercurial Vector Commitments and Independent Zero-Knowledge Sets with Short Proofs}},
    year = {2010}
}

@inproceedings{TAB+20,
    address = {Cham},
    author = {Tomescu, Alin and Abraham, Ittai and Buterin, Vitalik and Drake, Justin and Feist, Dankrad and Khovratovich, Dmitry},
    booktitle = {Security and Cryptography for Networks},
    ckdateadded = {2020-09-12 10:54:15},
    editor = {Galdi, Clemente
    and Kolesnikov, Vladimir},
    isbn = {978-3-030-57990-6},
    pages = {45--64},
    publisher = {Springer International Publishing},
    title = {{Aggregatable Subvector Commitments for Stateless Cryptocurrencies}},
    year = {2020}
}